<collection xmlns="http://www.loc.gov/MARC21/slim"><record><leader>00811nam  2200217   450</leader><controlfield tag="001">241</controlfield><controlfield tag="003">http://montalegre.opacnet.com/OPAC/default.aspx?ContentAreaControl=ShowRegHoldings.ascx&amp;RegNo=16662</controlfield><datafield tag="095" ind1=" " ind2=" "><subfield code="a">PTBN00026763</subfield></datafield><datafield tag="100" ind1=" " ind2=" "><subfield code="a">19840601d1984    m  y0pora010305  ba</subfield></datafield><datafield tag="101" ind1="1" ind2=" "><subfield code="a">por</subfield><subfield code="c">spa</subfield></datafield><datafield tag="102" ind1=" " ind2=" "><subfield code="a">PT</subfield></datafield><datafield tag="200" ind1="1" ind2=" "><subfield code="a">Blow-up e outras histórias</subfield><subfield code="f">Julio Cortázar</subfield><subfield code="g">trad. Maria Manuela Fernandes Ferreira</subfield></datafield><datafield tag="210" ind1=" " ind2=" "><subfield code="a">Mem Martins</subfield><subfield code="c">Europa-América</subfield><subfield code="d">[D.L. 1984]</subfield></datafield><datafield tag="215" ind1=" " ind2=" "><subfield code="a">173 p.</subfield><subfield code="d">18 cm</subfield></datafield><datafield tag="225" ind1="2" ind2=" "><subfield code="a">Livros de bolso Europa-América</subfield><subfield code="v">394</subfield></datafield><datafield tag="304" ind1=" " ind2=" "><subfield code="a">Tít. orig. Las armas secretas</subfield></datafield><datafield tag="675" ind1=" " ind2=" "><subfield code="a">821.134.2(7/8)</subfield><subfield code="v">BN</subfield><subfield code="z">por</subfield></datafield><datafield tag="700" ind1=" " ind2="1"><subfield code="a">Cortázar</subfield><subfield code="b">Julio</subfield><subfield code="f">1914-1984</subfield></datafield><datafield tag="801" ind1=" " ind2="0"><subfield code="a">PT</subfield><subfield code="b">Biblioteca Municipal de Montalegre</subfield><subfield code="g">RPC</subfield></datafield><datafield tag="856" ind1=" " ind2=" "><subfield code="u">locateMedia.asp?cod=20060510153110&amp;ext=jpg</subfield><subfield code="z">CAPA</subfield></datafield><datafield tag="909" ind1="&#9;" ind2=" "><subfield code="a">2</subfield></datafield><datafield tag="966" ind1=" " ind2=" "><subfield code="a">0005180</subfield><subfield code="l">BMM</subfield><subfield code="s">SCG 821.134.2(7/8) COR blo 394</subfield></datafield><datafield tag="966" ind1=" " ind2=" "><subfield code="a">0005181</subfield><subfield code="l">BMM</subfield><subfield code="s">SCG 821.134.2(7/8) COR blo 394</subfield></datafield></record></collection>